@incollection{article,
author ={Sam Roweis and Zoubin Gharamani},
booktitle = {Kalman Filtering and Neural Networks},
title ={Learning non-linear dynamics using an {EM} algorithm},
year ={2001},
chapter={6},
publisher={Wiley Blackwell},
}

@incollection{SimonHaykin,
author={Simon Haykin},
booktitle={Kalman Filtering and Neural Networks},
title={Kalman Filters},
year={2001},
publisher={Wiley Blackwell},
Chapter={1},
}

