@incollection{article,
author ={Sam Roweis and Zoubin Gharamani},
booktitle = {Kalman Filtering and Neural Networks},
title ={Learning non-linear dynamics using an {EM} algorithm},
year ={2001},
chapter={6},
publisher={Wiley Blackwell},
}

@incollection{SimonHaykin,
author={Simon Haykin},
booktitle={Kalman Filtering and Neural Networks},
title={Kalman Filters},
year={2001},
publisher={Wiley Blackwell},
Chapter={1},
}

@incollection{Poly,
author={Michael Jordan},
booktitle={An introduction to graphical models},
title={Kalman Filters},
}

@incollection{Goodwin2005,
author={Graham C. Goodwin, Juan C. Agüero Student},
title={Approximate EM Algorithms for Parameter and State Estimation in Nonlinear Stochastic Models},
year={2005},
publisher={IEEE Conference on Decision and Control},
}

@incollection{Schon2010,
author={Thomas B. Schön , Adrian Wills, Brett Ninness},
title={System identification of nonlinear state-space models},
year={2010},
publisher={Automatica 47},
}
@incollection{Paduart2009,
author={Johan Paduart, Lieve Lauwers,∗, Jan Swevers, Kris Smolders, Johan Schoukens, Rik Pintelon},
title={Identification of nonlinear systems using Polynomial Nonlinear State Space models},
year={2009},
publisher={Automatica 46},
}

@incollection{Chow2007,
author={Sy-Miin Chow , Emilio Ferrer, John R. Nesselroade},
booktitle={Multivariate Behavioral Research},
title={An Unscented Kalman Filter Approach to the Estimation of Nonlinear Dynamical Systems Models},
year={2007},
}

@incollection{AlcheBuc2005,
author={Liva Ralaivola, Florence d'Alche-Buc},
title={Time Series Filtering, Smoothing and Learning using the Kernel Kalman Filter},
year={2005},
publisher={International Joint Conference on Neural Networks},
}

@incollection{Mirowski2009,
author={Piotr Mirowski, Yann LeCun},
title={Dynamic Factor Graphs for Time Series Modeling},
year={2009},
publisher={Courant Institute of Mathematical Sciences, New York University},
}

@incollection{Turner2010,
author={Ryan Turner, Marc Peter Deisenroth, Carl Edward Rasmussen},
title={State-Space Inference and Learning with Gaussian Processes},
year={2010},
publisher={},
}

@incollection{Merwe2000,
author={Eric A. Wan, Rudolph van der Menve},
title={The Unscented Kalman Filter for Nonlinear Estimation},
year={2000},
publisher={},
}

@incollection{Voss2002,
author={HENNING U. VOSS, JENS TIMMER, JUERGEN KURTHS},
title={NONLINEAR DYNAMICAL SYSTEM IDENTIFICATION FROM UNCERTAIN AND INDIRECT MEASUREMENTS},
year={2002},
publisher={International Journal of Bifurcation and Chaos, Vol. 14},
}
